@article{citacao-exemplo,
	title = {Exemplo de artigo citado},
	volume = {1},
	abstract = {Aqui vai o abstract do artigo....},
	language = {pt},
	number = {1},
	journal = {Revista tal tal tal},
	author = {Sobrenome1, Nome1 and Sobrenome2, Nome2},
	year = {2021},
	pages = {10},
}